@misc{beaker101talk,
   title = "{Beaker 101: Cloud-enabled, acceptance testing}",
   year = "2014",
   url = "https://www.youtube.com/watch?v=cSyJXTYFXFg",
   note = "[Online; accessed 4-November-2018]"
}
@misc{beakergithub,
   title = "{Beaker Github page}",
   url = "https://github.com/puppetlabs/beaker",
   note = "[Online; accessed 4-November-2018]"
}
@misc{beakertutorialwithproblem,
   title = "{Beaker: Beaker Quick Start Tasks}",
   url = "https://github.com/puppetlabs/beaker/blob/master/docs/tutorials/quick_start_rake_tasks.md",
   note = "[Online; accessed 4-November-2018]"
}
@misc{beakerissuetracker,
   title = "{Beaker issue tracker}",
   url = "https://tickets.puppetlabs.com/issues",
   note = "[Online; accessed 4-November-2018]"
}
@misc{beakeropenstackproblematicpart,
   title = "{Beaker-openstack code with problems}",
   url = "https://github.com/puppetlabs/beaker-openstack/blob/master/lib/beaker/hypervisor/openstack.rb\#L48",
   note = "[Online; accessed 4-November-2018]"
}
@misc{vagrantwebsite,
   title = "{Vagrant website}",
   url = "https://www.vagrantup.com/",
   note = "[Online; accessed 4-November-2018]"
}
@misc{githubdeploykeyarticle,
   title = "{Github blog post: Read-only deploy keys}",
   url = "https://blog.github.com/2015-06-16-read-only-deploy-keys/",
   note = "[Online; accessed 4-November-2018]"
}
@misc{vagrantopenstackprovidergithub,
   title = "{vagrant-openstack-provider Github page}",
   url = "https://github.com/ggiamarchi/vagrant-openstack-provider",
   note = "[Online; accessed 4-November-2018]"
}
@misc{beakeropenstackgithub,
   title = "{Beaker-openstack Github page}",
   url = "https://github.com/puppetlabs/beaker-openstack",
   note = "[Online; accessed 4-November-2018]"
}
@misc{beakervagrantgithub,
   title = "{Beaker-vagrant Github page}",
   url = "https://github.com/puppetlabs/beaker-vagrant",
   note = "[Online; accessed 4-November-2018]"
}
@misc{blogmentioningbeaker,
   title = "{Beaker 101: Cloud-enabled, acceptance testing}",
   year = "2016",
   url = "https://club.black.co.at/log/posts/2016-03-28-cooperating-with-travisci/",
   note = "[Online; accessed 4-November-2018]"
}
@misc{beakeracceptancetestingvideo,
   title = "{OSDC 2016 - Introduction to Testing Puppet Modules by David Schmitt}",
   url = "https://www.youtube.com/watch?v=GgNrxLfoDF8&t=1623s",
   note = "[Online; accessed 4-November-2018]"
}
@misc{acceptancetestingcontrolrepo,
   title = "{Acceptance testing on a control-repository using beaker with vagrant and docker}",
   year = "2014",
   url = "https://www.example42.com/2017/12/18/beaker_with_vagrant_and_docker/",
   note = "[Online; accessed 4-November-2018]"
}
@misc{beakerpuppetdocs,
   title = "{Beaker-puppet docs}",
   url = "https://www.rubydoc.info/gems/beaker-puppet",
   note = "[Online; accessed 4-November-2018]"
}
@misc{beakerissuexenial,
   title = "{BKR-821: Beaker tries to install puppetlabs-release-xenial.deb which does not exist}",
   url = "https://tickets.puppetlabs.com/browse/BKR-821",
   note = "[Online; accessed 4-November-2018]"
}
@misc{beakerissuebeaker4,
   title = "{BKR-1530: Beaker 4.0.0 does not work with Beaker-Puppet Latest version(1.3.0)}",
   url = "https://tickets.puppetlabs.com/browse/BKR-1530",
   note = "[Online; accessed 4-November-2018]"
}
@misc{beakerinstallhelperissue,
   title = "{puppetlabs/beaker-puppet_install_helper issue: Getting an error with beaker 4.0}",
   url = "https://github.com/puppetlabs/beaker-puppet_install_helper/issues/45",
   note = "[Online; accessed 4-November-2018]"
}
@misc{onceovergithub,
   title = "{Onceover Github page}",
   url = "https://github.com/dylanratcliffe/onceover",
   note = "[Online; accessed 4-November-2018]"
}
@misc{onceoverarticle,
   title = "{Use Onceover to start testing with rspec-puppet}",
   url = "https://puppet.com/blog/use-onceover-start-testing-rspec-puppet",
   note = "[Online; accessed 4-November-2018]"
}
@misc{openstackdocstesting,
   title = "{OpenStack documentation: Testing}",
   url = "https://docs.openstack.org/puppet-openstack-guide/latest/contributor/testing.html",
   note = "[Online; accessed 4-November-2018]"
}
@misc{openstacktestinggithub,
   title = "{puppet-openstack-integration Github Page}",
   url = "https://github.com/openstack/puppet-openstack-integration",
   note = "[Online; accessed 4-November-2018]"
}
@misc{rtylervideo,
   title = "{R. Tyler Croy of Jenkins on infrastructure as code \& testing  Thank you}",
   url = "https://puppet.com/resources/video/r-tyler-croy-of-jenkins-on-infrastructure-as-code-testing/thank-you",
   note = "[Online; accessed 4-November-2018]"
}
@misc{acceptancetestswithjenkinsarticle,
   title = "{The Careful Puppet Master: Reducing risk and fortifying acceptance testing with Jenkins CI}",
   url = "http://iopscience.iop.org/article/10.1088/1742-6596/664/6/062059/pdf",
   note = "[Online; accessed 4-November-2018]"
}
@misc{psickgithub,
   title = "{PSICK Github page}",
   url = "https://github.com/example42/psick",
   note = "[Online; accessed 4-November-2018]"
}
@misc{jcascvideo,
   title = "{Jenkins Configuration as Code: Automating an Automation Server}",
   url = "https://www.youtube.com/watch?v=PAKWqRE0aTk",
   note = "[Online; accessed 4-November-2018]"
}
@misc{jenkins4cascgithub,
   title = "{jenkins4casc Github page}",
   url = "https://github.com/Praqma/jenkins4casc",
   note = "[Online; accessed 4-November-2018]"
}
@misc{jcascarticlefirstencounter,
   title = "{Jenkins Configuration as Code - first encounter!}",
   url = "https://automatingguy.com/2018/09/25/jenkins-configuration-as-code/",
   note = "[Online; accessed 4-November-2018]"
}
@misc{docker4cascimage,
   title = "{praqma/docker4jcasc Docker image}",
   url = "https://hub.docker.com/r/praqma/docker4jcasc/",
   note = "[Online; accessed 4-November-2018]"
}
@misc{jcascwebsite,
   title = "{Jenkins Configuration as Code website}",
   url = "https://jenkins.io/projects/jcasc/",
   note = "[Online; accessed 4-November-2018]"
}
@misc{onceoverbeakerpr,
   title = "{Onceover PR: Deprecated Beaker and removed dependency}",
   url = "https://github.com/dylanratcliffe/onceover/pull/87",
   note = "[Online; accessed 4-November-2018]"
}
@misc{jcascarticlepraqma,
   title = "{Getting started with Jenkins Configuration as Code}",
   url = "https://www.praqma.com/stories/start-jenkins-config-as-code/",
   note = "[Online; accessed 4-November-2018]"
}
@misc{iacheatcrgithub,
   title = "{IaC-heat-cr Github page}",
   url = "https://github.com/githubgossin/IaC-heat-cr",
   note = "[Online; accessed 4-November-2018]"
}
@misc{controlrepocrgithub,
   title = "{control-repo-cr Github page}",
   url = "https://github.com/githubgossin/control-repo-cr",
   note = "[Online; accessed 4-November-2018]"
}
@misc{usingdockerwithpipeline,
   title = "{Using Docker with Pipeline}",
   url = "https://jenkins.io/doc/book/pipeline/docker/",
   note = "[Online; accessed 4-November-2018]"
}
@misc{dockerindockerarticle,
   title = "{Using Docker-in-Docker for your CI or testing environment? Think twice.}",
   url = "http://jpetazzo.github.io/2015/09/03/do-not-use-docker-in-docker-for-ci/",
   note = "[Online; accessed 4-November-2018]"
}
@misc{golang,
   title = "{Golang website}",
   url = "https://golang.org/",
   note = "[Online; accessed 4-November-2018]"
}
@misc{dockerindockerexample,
   title = "{Example of Jenkins Docker container with it's own Docker installation connected to underlying Docker host}",
   url = "https://github.com/shazChaudhry/docker-jenkins/blob/ee0f386fd1706829b956cb2e723c0f2935496933/Dockerfile",
   note = "[Online; accessed 4-November-2018]"
}
@misc{jobdslcomparedwithpipelinesarticle,
   title = "{Jenkins-as-code: comparing job-dsl and Pipelines}",
   url = "https://marcesher.com/2016/08/04/jenkins-as-code-comparing-job-dsl-and-pipelines/",
   note = "[Online; accessed 4-November-2018]"
}
@misc{pipelineascodewithjenkins,
   title = "{Pipeline as Code with Jenkins}",
   url = "https://jenkins.io/solutions/pipeline/",
   note = "[Online; accessed 4-November-2018]"
}
@misc{jobdsldocspipelinejob,
   title = "{Jenkins Job DSL Plugin documentation - pipelineJob}",
   url = "https://jenkinsci.github.io/job-dsl-plugin/\#path/pipelineJob",
   note = "[Online; accessed 4-November-2018]"
}
@misc{beakervideodivingdeeper,
   title = "{Diving Deeper in to Beaker - Acceptance testing for Puppet}",
   url = "https://www.youtube.com/watch?v=jEJmUQOlaDg",
   note = "[Online; accessed 4-November-2018]"
}
@misc{puppetmodulefunctionaltestingbeakerinsidevagrant,
   title = "{Puppet Module Functional Testing with Vagrant, OpenStack and Beaker}",
   url = "http://my1.fr/blog/puppet-module-functional-testing-with-vagrant-openstack-and-beaker/",
   note = "[Online; accessed 4-November-2018]"
}
@misc{puppetmodulefunctionaltestingbeakerinsidevagrantnodeexample,
   title = "{Example of node yaml file used in \"Puppet Module Functional Testing with Vagrant, OpenStack and Beaker\" article}",
   url = "https://github.com/openstack/puppet-keystone/blob/master/spec/acceptance/nodesets/nodepool-xenial.yml",
   note = "[Online; accessed 4-November-2018]"
}
@misc{openstackpuppetmodulefunctionaltestingproposal,
   title = "{OpenStack documentation: Puppet Module Functional Testing}",
   url = "http://specs.openstack.org/openstack-infra/infra-specs/specs/puppet-module-functional-testing.html",
   note = "[Online; accessed 4-November-2018]"
}
@misc{openstackci,
   title = "{OpenStack documentation: Continuous Integration}",
   url = "https://docs.openstack.org/puppet-openstack-guide/latest/contributor/ci.html",
   note = "[Online; accessed 4-November-2018]"
}
@misc{jobdslgithub,
   title = "{job-dsl-plugin Github page}"
   url = "https://github.com/jenkinsci/job-dsl-plugin",
   note = "[Online; accessed 4-November-2018]"
}
@misc{tholok97vagrantvm,
   title = "{tholok97/imt3005-vagrant-vm Github page}",
   url = "https://github.com/tholok97/imt3005-vagrant-vm",
   note = "[Online; accessed 4-November-2018]"
}
@misc{jcascdemogithub,
   title = "{Demo of JCasC in use}",
   url = "https://github.com/Praqma/praqma-jenkins-casc",
   note = "[Online; accessed 4-November-2018]"
}
@misc{socatwebhook,
   title = "{StackOverflow: How to listen to webhooks from bash script?}"
   url = "https://stackoverflow.com/questions/40278767/how-to-listen-to-webhooks-from-bash-script",
   note = "[Online; accessed 4-November-2018]"
}
@misc{stackoverflowmergepushjenkins,
   title = "{StackOverflow: Is it possible to Git merge / push using Jenkins pipeline}",
   url = "https://stackoverflow.com/questions/38769976/is-it-possible-to-git-merge-push-using-jenkins-pipeline",
   note = "[Online; accessed 4-November-2018]"
}
@misc{cipipelinewithgolangandjenkins,
   title = "{Create a Continuous Deployment Pipeline with Golang and Jenkins}",
   url = "https://blog.couchbase.com/create-continuous-deployment-pipeline-golang-jenkins/",
   note = "[Online; accessed 4-November-2018]"
}
@misc{controlrepojenkinsfile,
   title = "{Example of control-repo Jenkinsfile}",
   url = "https://github.com/raj-andy1/control-repo/blob/production/Jenkinsfile",
   note = "[Online; accessed 4-November-2018]"
}
@misc{imt3005projectcicd,
   title = "{Directory for Jenkins Docker agents}",
   url = "https://github.com/tholok97/imt3005-project-cicd/tree/production/jenkins_agents",
   note = "[Online; accessed 4-November-2018]"
}
@misc{buidonjenkinsandpublishwithpipelines,
   title = "{How to build on Jenkins and publish artifacts via ssh with Pipelines}",
   url = "https://medium.com/@weblab_tech/how-to-publish-artifacts-in-jenkins-f021b17fde71",
   note = "[Online; accessed 4-November-2018]"
}
@misc{pipelinebestpractise,
   title = "{Top 10 Best Practices for Jenkins Pipeline Plugin}",
   url = "https://www.cloudbees.com/blog/top-10-best-practices-jenkins-pipeline-plugin",
   note = "[Online; accessed 4-November-2018]"
}
@book{coursebook,
    author    = "Kief Morris",
    title     = "Infrastructure as Code: Managing Servers in the Cloud",
    year      = "2016",
    publisher = "O'Reilly Media",
}
@misc{cidef,
   title = "Continuous Integration",
   author = "Martin Fowler",
   url = "https://martinfowler.com/articles/continuousIntegration.html",
   note = "[Online; accessed 4-November-2018]"
}
@misc{cddef,
   title = "Continuous Delivery",
   author = "Martin Fowler",
   url = "https://martinfowler.com/bliki/ContinuousDelivery.html",
   note = "[Online; accessed 4-November-2018]"
}
